@misc{d3API, 
	title={Data-Driven Documents}, 
	url={https://d3js.org/}, 
	journal={D3.js}, 
	publisher={Mike Bostock}, 
	author={Bostock, Mike}, 
	year={2015}
}
